<record><leader>00000cas a22000007a 4500</leader><controlfield tag="001">12574059</controlfield><controlfield tag="008">850919d19141922iauwr ne      0    0eng d</controlfield><datafield ind1=" " ind2=" " tag="010"><subfield code="a">sn 85049769 </subfield></datafield><datafield ind1=" " ind2=" " tag="040"><subfield code="a">INP</subfield><subfield code="b">eng</subfield><subfield code="c">INP</subfield><subfield code="d">OCLCQ</subfield></datafield><datafield ind1=" " ind2=" " tag="042"><subfield code="a">msc</subfield></datafield><datafield ind1="0" ind2="4" tag="245"><subfield code="a">The Lynnville leader.</subfield></datafield><datafield ind1=" " ind2=" " tag="260"><subfield code="a">Lynnville, Jasper County, Iowa :</subfield><subfield code="b">Mrs. M.L. Bufkin</subfield></datafield><datafield ind1=" " ind2=" " tag="300"><subfield code="a">v. :</subfield><subfield code="b">ill.</subfield></datafield><datafield ind1=" " ind2=" " tag="310"><subfield code="a">Weekly</subfield></datafield><datafield ind1="1" ind2=" " tag="362"><subfield code="a">Began in 1914.</subfield><subfield code="z">Cf. Bibl. of Iowa newspapers.</subfield></datafield><datafield ind1="1" ind2=" " tag="362"><subfield code="a">Ceased with Dec. 14, 1922 issue.</subfield><subfield code="z">Cf. Jasper County record, Dec. 28, 1922.</subfield></datafield><datafield ind1=" " ind2=" " tag="588"><subfield code="a">Description based on: Vol. 6, no. 45 (Apr. 1920).</subfield></datafield><datafield ind1=" " ind2=" " tag="752"><subfield code="a">United States</subfield><subfield code="b">Iowa</subfield><subfield code="c">Jasper</subfield><subfield code="d">Lynnville.</subfield></datafield><datafield ind1="0" ind2="4" tag="785"><subfield code="t">Jasper County record</subfield><subfield code="w">(DLC)sn 85050897</subfield></datafield></record>